<?xml version="1.0" encoding="UTF-8" ?>
<collection xmlns:xsi="http://www.w3.org/2001/XMLSchema-instance" xsi:schemaLocation="http://www.loc.gov/MARC21/slim http://www.loc.gov/standards/marcxml/schema/MARC21slim.xsd" xmlns="http://www.loc.gov/MARC21/slim">
   <record>
      <leader>     mam a22      a 4500</leader>
      <controlfield tag="001">2303132</controlfield>
      <controlfield tag="003">NIC</controlfield>
      <controlfield tag="005">20141204193548.0</controlfield>
      <controlfield tag="008">850620m19009999sy       b    001 0carar </controlfield>
      <datafield tag="010" ind1=" " ind2=" ">
         <subfield code="a">   82968706 /NE/r93</subfield>
      </datafield>
      <datafield tag="035" ind1=" " ind2=" ">
         <subfield code="a">(NIC)notisALR3626</subfield>
      </datafield>
      <datafield tag="035" ind1=" " ind2=" ">
         <subfield code="a">(OCoLC)13095721</subfield>
      </datafield>
      <datafield tag="035" ind1=" " ind2=" ">
         <subfield code="a">2303132</subfield>
      </datafield>
      <datafield tag="040" ind1=" " ind2=" ">
         <subfield code="a">DLC</subfield>
         <subfield code="c">DLC</subfield>
         <subfield code="d">DLC</subfield>
         <subfield code="d">NIC</subfield>
      </datafield>
      <datafield tag="043" ind1=" " ind2=" ">
         <subfield code="a">a-sy---</subfield>
      </datafield>
      <datafield tag="050" ind1="0" ind2="0">
         <subfield code="a">DS99.D3</subfield>
         <subfield code="b">I23 1981</subfield>
      </datafield>
      <datafield tag="100" ind1="1" ind2=" ">
         <subfield code="a">Ibn ʻAsākir, ʻAlī ibn al-Ḥasan,</subfield>
         <subfield code="d">1105-1176.</subfield>
      </datafield>
      <datafield tag="245" ind1="1" ind2="0">
         <subfield code="a">Tārīkh madīnat Dimashq :</subfield>
         <subfield code="b">wa-dhikr faḍlihā wa-tasmiyat man ḥallahā min al-amāthil aw ijtāza bi-nawāhīhā min wāridīhā wa-ahlihā /</subfield>
         <subfield code="c">taṣnīf Abī al-Qāsim ʻAlī ibn al-Ḥasan ibn Hibat Allāh ibn ʻAbd Allāh al-Shāfiʻī al-maʻrūf bi-ibn ʻAsākir ; taḥqīq Sukaynah al-Shihābī, Muṭāʻ al-Ṭarābīshī.</subfield>
      </datafield>
      <datafield tag="260" ind1=" " ind2=" ">
         <subfield code="a">Dimashq :</subfield>
         <subfield code="b">Majmaʻ al-Lughah al-ʻArabīyah,</subfield>
         <subfield code="c">&lt;[1981-1991   &gt;</subfield>
      </datafield>
      <datafield tag="300" ind1=" " ind2=" ">
         <subfield code="a">v. &lt;1-3, 7, 34, 38-40   &gt; ;</subfield>
         <subfield code="c">29 cm.</subfield>
      </datafield>
      <datafield tag="500" ind1=" " ind2=" ">
         <subfield code="a">Includes indexes.</subfield>
      </datafield>
      <datafield tag="500" ind1=" " ind2=" ">
         <subfield code="a">Editors and revisors vary for each vol.</subfield>
      </datafield>
      <datafield tag="504" ind1=" " ind2=" ">
         <subfield code="a">Includes bibliographical references.</subfield>
      </datafield>
      <datafield tag="505" ind1="1" ind2=" ">
         <subfield code="a">v. 1-2. al-Sīrah al-Nabawīyah    -- [3]. ʻAbd Allāh ibn Jābir-ʻAbd Allāh ibn Zayd    -- v. 7. Aḥmad ibn ʻUtbah-Aḥmad ibn Muḥammad ibn al-Muʾammal    -- v. 34. ʻAbd Allāh ibn Sālim-ʻAbd Allāh ibn Abī ʻAʾishah    -- v. 38. ʻAbd Allāh ibn Qays-ʻAbd Allāh ibn Masʻadah -- v. 39. ʻAbd Allāh ibn Masʻūd-ʻAbd al-Ḥamīd ibn Bakkār -- v. 40. ʻAbd al-Ḥamīd ibn Ḥabīb - ʻAbd al-Raḥmān ibn ʻAbd Allāh -- v. 42 ʻAbd al-Raḥmān ibn Muṣādir; ʻAbd al-ʻAzīz ibn ʻUmar ibn ʻAbd al-ʻAzīz.</subfield>
      </datafield>
      <datafield tag="651" ind1=" " ind2="0">
         <subfield code="a">Damascus (Syria)</subfield>
         <subfield code="x">Biography.</subfield>
      </datafield>
      <datafield tag="651" ind1=" " ind2="0">
         <subfield code="a">Syria</subfield>
         <subfield code="x">Biography.</subfield>
      </datafield>
      <datafield tag="651" ind1=" " ind2="7">
         <subfield code="a">Syria</subfield>
         <subfield code="2">fast</subfield>
         <subfield code="0">(OCoLC)fst01208757</subfield>
      </datafield>
      <datafield tag="651" ind1=" " ind2="7">
         <subfield code="a">Syria</subfield>
         <subfield code="z">Damascus</subfield>
         <subfield code="2">fast</subfield>
         <subfield code="0">(OCoLC)fst01207112</subfield>
      </datafield>
      <datafield tag="655" ind1=" " ind2="7">
         <subfield code="a">Biography</subfield>
         <subfield code="2">fast</subfield>
         <subfield code="0">(OCoLC)fst01423686</subfield>
      </datafield>
      <datafield tag="700" ind1="1" ind2=" ">
         <subfield code="a">Shihābī, Sukaynah.</subfield>
      </datafield>
      <datafield tag="700" ind1="1" ind2=" ">
         <subfield code="a">Ṭarābīshī, Muṭāʻ.</subfield>
      </datafield>
      <datafield tag="905" ind1=" " ind2=" ">
         <subfield code="a">19940524120000.0</subfield>
      </datafield>
      <datafield tag="948" ind1="2" ind2=" ">
         <subfield code="a">20141204</subfield>
         <subfield code="b">m</subfield>
         <subfield code="d">batch</subfield>
         <subfield code="e">lts</subfield>
         <subfield code="x">addfast</subfield>
      </datafield>
      <datafield tag="903" ind1=" " ind2=" ">
         <subfield code="a">NYUACO</subfield>
         <subfield code="d">20150423</subfield>
         <subfield code="p">31924067532931</subfield>
      </datafield>
      <datafield tag="950" ind1=" " ind2=" ">
         <subfield code="a">Oversize</subfield>
         <subfield code="b">DS99.D3 I12 1991 +</subfield>
         <subfield code="v">v.2 </subfield>
      </datafield>
      <datafield tag="903" ind1=" " ind2=" ">
         <subfield code="a">NYUACO</subfield>
         <subfield code="d">20150423</subfield>
         <subfield code="p">31924072010139</subfield>
      </datafield>
      <datafield tag="950" ind1=" " ind2=" ">
         <subfield code="a">Oversize</subfield>
         <subfield code="b">DS99.D3 I12 1991 +</subfield>
         <subfield code="v">v.42 </subfield>
      </datafield>
      <datafield tag="903" ind1=" " ind2=" ">
         <subfield code="a">NYUACO</subfield>
         <subfield code="d">20150423</subfield>
         <subfield code="p">31924074332796</subfield>
      </datafield>
      <datafield tag="950" ind1=" " ind2=" ">
         <subfield code="a">Oversize</subfield>
         <subfield code="b">DS99.D3 I12 1991 +</subfield>
         <subfield code="v">v.43 </subfield>
      </datafield>
   </record>
</collection>
